%% This BibTeX bibliography file was created using BibDesk.
%% http://bibdesk.sourceforge.net/


%% Created for Sandra Kuebler at 2014-05-14 10:19:11 -0400 


%% Saved with string encoding Unicode (UTF-8) 



@inproceedings{tiedemann:12,
	Address = {Istanbul, Turkey},
	Author = {Tiedemann, J\"org},
	Booktitle = {Proceedings of the 8th International Conference on Language Resources and Evaluation (LREC)},
	Date-Added = {2014-05-14 14:19:10 +0000},
	Date-Modified = {2014-05-14 14:19:10 +0000},
	Pages = {2214--2218},
	Title = {Parallel Data, Tools and Interfaces in {OPUS}},
	Year = {2012}}

@inproceedings{koehn:hoang:ea:07,
	Address = {Prague, Czech Republic},
	Author = {Philipp Koehn and Hieu Hoang and Alexandra Birch and Chris Callison-Burch and Marcello Federico and Nicola Bertoldi and Brooke Cowan and Wade Shen and Christine Moran and Richard Zens and Chris Dyer and Ondrej Bojar and Alexandra Constantin and Evan Herbst},
	Booktitle = {Proceedings of the 45th Annual Meeting of the Association for Computational Linguistics Companion Volume Proceedings of the Demo and Poster Sessions},
	Date-Added = {2014-05-14 14:16:30 +0000},
	Date-Modified = {2014-05-14 14:16:30 +0000},
	Keywords = {machine translation},
	Title = {Moses: Open Source Toolkit for Statistical Machine Translation},
	Year = {2007}}

@inproceedings{och:ney:00,
	Address = {Hong Kong},
	Author = {Franz Josef Och and Hermann Ney},
	Booktitle = {Proceedings of the 38th Annual Meeting of the Association for Computational Linguistics (ACL)},
	Date-Added = {2014-05-14 14:15:59 +0000},
	Date-Modified = {2014-05-14 14:15:59 +0000},
	Keywords = {word alignment},
	Pages = {440--447},
	Title = {Improved Statistical Alignment Models},
	Year = {2000}}

@inproceedings{goldberg:orwant:13,
	Address = {Atlanta, GA},
	Author = {Goldberg, Yoav  and  Orwant, Jon},
	Booktitle = {Second Joint Conference on Lexical and Computational Semantics (*SEM)},
	Date-Added = {2014-05-14 14:14:48 +0000},
	Date-Modified = {2014-05-14 14:14:48 +0000},
	Pages = {241--247},
	Title = {A Dataset of Syntactic-Ngrams over Time from a Very Large Corpus of {English} Books},
	Year = {2013}}

@inproceedings{marneffe:maccartney:ea:06,
	Address = {Genoa, Italy},
	Author = {de Marneffe, Marie-Catherine and MacCartney, Bill and Manning, Christopher},
	Booktitle = {Proceedings of LREC-06},
	Date-Added = {2014-05-14 14:12:05 +0000},
	Date-Modified = {2014-05-14 14:12:05 +0000},
	Title = {Generating Typed Dependency Parses from Phrase Structure Parses},
	Year = {2006}}

@inproceedings{klein:manning:03,
	Address = {Sapporo, Japan},
	Author = {Dan Klein and Christopher Manning},
	Booktitle = {Proceedings of ACL-2003},
	Date-Added = {2014-05-14 14:11:35 +0000},
	Date-Modified = {2014-05-14 14:12:50 +0000},
	Keywords = {statistical parsing, English},
	Pages = {423--430},
	Title = {Accurate Unlexicalized Parsing},
	Year = 2003}

@article{seeker:kuhn:13,
	Author = {Wolfgang Seeker and Jonas Kuhn},
	Date-Added = {2014-05-14 14:09:33 +0000},
	Date-Modified = {2014-05-14 14:09:33 +0000},
	Journal = {Computational Linguistics},
	Number = {1},
	Pages = {23--55},
	Title = {Morphological and Syntactic Case in Statistical Dependency Parsing},
	Volume = {39},
	Year = {2013}}

@inproceedings{bohnet:kuhn:12,
	Address = {Avignon, France},
	Author = {Bohnet, Bernd  and  Kuhn, Jonas},
	Booktitle = {Proceedings of the 13th Conference of the European Chapter of the Association for Computational Linguistics  (EACL)},
	Date-Added = {2014-05-14 14:09:05 +0000},
	Date-Modified = {2014-05-14 14:09:05 +0000},
	Pages = {77--87},
	Title = {The Best of Both Worlds -- {A} Graph-based Completion Model for Transition-Based Parsers},
	Year = {2012}}

@inproceedings{bohnet:10,
	Address = {Beijing, China},
	Author = {Bohnet, Bernd},
	Booktitle = {Proceedings of the 23rd International Conference on Computational Linguistics (COLING)},
	Date-Added = {2014-05-14 14:06:42 +0000},
	Date-Modified = {2014-05-14 14:06:42 +0000},
	Pages = {89--97},
	Title = {Top Accuracy and Fast Dependency Parsing is not a Contradiction},
	Year = {2010}}

@article{DBLP:journals/csur/Navigli09,
	Author = {Roberto Navigli},
	Bibsource = {DBLP, http://dblp.uni-trier.de},
	Ee = {http://doi.acm.org/10.1145/1459352.1459355},
	Journal = {ACM Comput. Surv.},
	Number = {2},
	Title = {{Word sense disambiguation: A survey}},
	Volume = {41},
	Year = {2009}}

@inproceedings{Brown91word-sensedisambiguation,
	Author = {Peter F. Brown and Stephen A. Della Pietra and Vincent J. Della Pietra and Robert L. Mercer},
	Booktitle = {Proceedings of the 29th Annual Meeting of the Association for Computational Linguistics},
	Pages = {264--270},
	Title = {{Word-Sense Disambiguation Using Statistical Methods}},
	Year = {1991}}

@inproceedings{lefeversemeval,
	Address = {Uppsala, Sweden},
	Author = {Els Lefever and V\'{e}ronique Hoste},
	Booktitle = {Proceedings of the 5th International Workshop on Semantic Evaluation},
	Month = {July},
	Pages = {15--20},
	Publisher = {Association for Computational Linguistics},
	Title = {{SemEval-2010 Task 3: Cross-Lingual Word Sense Disambiguation}},
	Url = {http://www.aclweb.org/anthology/S10-1003},
	Year = {2010},
	Bdsk-Url-1 = {http://www.aclweb.org/anthology/S10-1003}}

@book{nltkbook,
	Author = {Steven Bird and Ewan Klein and Edward Loper},
	Publisher = {O'Reilly Media},
	Title = {{Natural Language Processing with Python}},
	Year = 2009}
